<?xml version="1.0" encoding="UTF-8"?>
<ting:container xmlns:ting="http://www.dbc.dk/ting" xmlns:dkabm="http://biblstandard.dk/abm/namespace/dkabm/" xmlns:ac="http://biblstandard.dk/ac/namespace/" xmlns:dkdcplus="http://biblstandard.dk/abm/namespace/dkdcplus/" xmlns:oss="http://oss.dbc.dk/ns/osstypes" xmlns:dc="http://purl.org/dc/elements/1.1/" xmlns:dcterms="http://purl.org/dc/terms/" xmlns:xsi="http://www.w3.org/2001/XMLSchema-instance" xmlns:docbook="http://docbook.org/ns/docbook"><dkabm:record><ac:identifier>85148540|870971</ac:identifier><ac:source>Avisartikler</ac:source><dc:title>Den store ener</dc:title><dc:title xsi:type="dkdcplus:full">Den store ener</dc:title><dc:creator>Kim Skotte</dc:creator><dc:creator xsi:type="oss:sort">Skotte, Kim</dc:creator><dc:subject xsi:type="dkdcplus:DK5">99.4 McCarthy, Cormac</dc:subject><dc:subject xsi:type="dkdcplus:DK5-Text">Biografier af enkelte personer</dc:subject><dc:subject xsi:type="dkdcplus:DBCF">Cormac McCarthy</dc:subject><dc:subject xsi:type="oss:sort">McCarthy, Cormac</dc:subject><dc:subject xsi:type="dkdcplus:DBCF">amerikansk litteratur</dc:subject><dc:subject xsi:type="dkdcplus:DBCF">litteratur</dc:subject><dcterms:abstract>Amerikansk forfatter</dcterms:abstract><dcterms:audience>voksenmaterialer</dcterms:audience><dc:date>1999</dc:date><dc:type xsi:type="dkdcplus:BibDK-Type">Avisartikel</dc:type><dcterms:extent>Sektion 4, s. 8-9</dcterms:extent><dc:language xsi:type="dcterms:ISO639-2">dan</dc:language><dc:language>Dansk</dc:language><dcterms:isPartOf>Politiken, 1999-09-25</dcterms:isPartOf><dcterms:isPartOf xsi:type="dkdcplus:ISSN">0907-1814</dcterms:isPartOf></dkabm:record><marcx:collection xmlns:marcx="info:lc/xmlns/marcxchange-v1"><marcx:record format="danMARC2" type="Bibliographic"><marcx:leader>00000n    2200000   4500</marcx:leader><marcx:datafield tag="001" ind1="0" ind2="0"><marcx:subfield code="a">85148540</marcx:subfield><marcx:subfield code="b">870971</marcx:subfield><marcx:subfield code="c">20010312132146</marcx:subfield><marcx:subfield code="d">19990927</marcx:subfield><marcx:subfield code="f">a</marcx:subfield></marcx:datafield><marcx:datafield tag="004" ind1="0" ind2="0"><marcx:subfield code="r">n</marcx:subfield><marcx:subfield code="a">i</marcx:subfield></marcx:datafield><marcx:datafield tag="008" ind1="0" ind2="0"><marcx:subfield code="t">a</marcx:subfield><marcx:subfield code="u">f</marcx:subfield><marcx:subfield code="a">1999</marcx:subfield><marcx:subfield code="b">dk</marcx:subfield><marcx:subfield code="l">dan</marcx:subfield><marcx:subfield code="v">0</marcx:subfield><marcx:subfield code="r">an</marcx:subfield></marcx:datafield><marcx:datafield tag="009" ind1="0" ind2="0"><marcx:subfield code="a">a</marcx:subfield><marcx:subfield code="g">xx</marcx:subfield></marcx:datafield><marcx:datafield tag="016" ind1="0" ind2="0"><marcx:subfield code="a">03243850</marcx:subfield></marcx:datafield><marcx:datafield tag="032" ind1="0" ind2="0"><marcx:subfield code="a">ABU200535</marcx:subfield><marcx:subfield code="a">DAR199909</marcx:subfield></marcx:datafield><marcx:datafield tag="086" ind1="0" ind2="0"><marcx:subfield code="a">Biografier af enkelte personer</marcx:subfield></marcx:datafield><marcx:datafield tag="245" ind1="0" ind2="0"><marcx:subfield code="a">Den ¤store ener</marcx:subfield></marcx:datafield><marcx:datafield tag="300" ind1="0" ind2="0"><marcx:subfield code="a">Sektion 4, s. 8-9</marcx:subfield></marcx:datafield><marcx:datafield tag="504" ind1="0" ind2="0"><marcx:subfield code="a">Amerikansk forfatter</marcx:subfield></marcx:datafield><marcx:datafield tag="557" ind1="0" ind2="0"><marcx:subfield code="a">Politiken</marcx:subfield><marcx:subfield code="j">1999</marcx:subfield><marcx:subfield code="z">0907-1814</marcx:subfield><marcx:subfield code="V">1999-09-25</marcx:subfield><marcx:subfield code="v">1999-09-25</marcx:subfield></marcx:datafield><marcx:datafield tag="600" ind1="0" ind2="0"><marcx:subfield code="A">Maccarthy</marcx:subfield><marcx:subfield code="a">McCarthy</marcx:subfield><marcx:subfield code="h">Cormac</marcx:subfield></marcx:datafield><marcx:datafield tag="652" ind1="0" ind2="0"><marcx:subfield code="m">99.4</marcx:subfield><marcx:subfield code="A">Maccarthy</marcx:subfield><marcx:subfield code="a">McCarthy</marcx:subfield><marcx:subfield code="h">Cormac</marcx:subfield></marcx:datafield><marcx:datafield tag="666" ind1="0" ind2="0"><marcx:subfield code="0"></marcx:subfield><marcx:subfield code="f">amerikansk litteratur</marcx:subfield></marcx:datafield><marcx:datafield tag="666" ind1="0" ind2="0"><marcx:subfield code="0"></marcx:subfield><marcx:subfield code="f">litteratur</marcx:subfield></marcx:datafield><marcx:datafield tag="700" ind1="0" ind2="0"><marcx:subfield code="a">Skotte</marcx:subfield><marcx:subfield code="h">Kim</marcx:subfield></marcx:datafield><marcx:datafield tag="996" ind1="0" ind2="0"><marcx:subfield code="a">IDX</marcx:subfield></marcx:datafield><marcx:datafield tag="d08" ind1="0" ind2="0"><marcx:subfield code="o">hes</marcx:subfield><marcx:subfield code="r">sny</marcx:subfield></marcx:datafield><marcx:datafield tag="n01" ind1="0" ind2="0"><marcx:subfield code="a">Z4842958</marcx:subfield><marcx:subfield code="b">000011</marcx:subfield></marcx:datafield><marcx:datafield tag="n55" ind1="0" ind2="0"><marcx:subfield code="a">20050301</marcx:subfield></marcx:datafield><marcx:datafield tag="z99" ind1="0" ind2="0"><marcx:subfield code="a">sny</marcx:subfield></marcx:datafield></marcx:record></marcx:collection><oss:openurl>_BASEURL_url_ctx_fmt=info:ofi/fmt:kev:mtx:ctx&amp;ctx_ver=Z39.88-2004&amp;rft_val_fmt=info:ofi/fmt:kev:mtx:journal&amp;rft.atitle=Den+store+ener&amp;rft.aulast=Skotte&amp;rft.aufirst=Kim&amp;rft.auinit=K&amp;rft.jtitle=&lt;dcterms:isPartOf+xsi:type="none"+xmlns:ting="http://www.dbc.dk/ting"+xmlns:dkabm="http://biblstandard.dk/abm/namespace/dkabm/"+xmlns:ac="http://biblstandard.dk/ac/namespace/"+xmlns:dkdcplus="http://biblstandard.dk/abm/namespace/dkdcplus/"+xmlns:oss="http://oss.dbc.dk/ns/osstypes"+xmlns:dc="http://purl.org/dc/elements/1.1/"+xmlns:dcterms="http://purl.org/dc/terms/"+xmlns:xsi="http://www.w3.org/2001/XMLSchema-instance"+xmlns:docbook="http://docbook.org/ns/docbook"+xmlns:xsi="http://www.w3.org/2001/XMLSchema-instance"&gt;Politiken&amp;rft.date=1999&amp;rft.pages=&amp;rft.spage=&amp;rft.epage=&amp;rft.issn=0907-1814&amp;rft.genre=article</oss:openurl><ln:links xmlns:ln="http://oss.dbc.dk/ns/links"><ln:link><ln:access>remote</ln:access><ln:accessType>rest</ln:accessType><ln:linkTo>webservice</ln:linkTo><ln:relationType>dbcaddi:hasOnlineAccess</ln:relationType><ln:url>[useraccessinfomedia]?action=getArticle&amp;faust=85148540&amp;libraryCode=[libraryCode]&amp;userId=[userId]&amp;userPinCode=[userPinCode]</ln:url><ln:collectionIdentifier>870971-avis</ln:collectionIdentifier></ln:link></ln:links><adminData><creationDate>2005-03-01</creationDate><libraryType>none</libraryType><indexingAlias>danmarcxchange</indexingAlias><accessType>physical</accessType><accessType>online</accessType><genre>nonfiktion</genre><collectionIdentifier>870971-avis</collectionIdentifier></adminData></ting:container>